@article{hmm_for_SR,
author = {Juang, B. H. and Rabiner, L. R.},
title = {{Hidden Markov Models for Speech Recognition}},
journal = {Technometrics},
volume = {33},
number = {3},
pages = {251-272},
year = {1991},
doi = {10.1080/00401706.1991.10484833},

URL = {http://www.tandfonline.com/doi/abs/10.1080/00401706.1991.10484833},
eprint = {http://www.tandfonline.com/doi/pdf/10.1080/00401706.1991.10484833}
}
