@article{hmm_for_SR,
author = {Juang, B. H. and Rabiner, L. R.},
title = {{Hidden Markov Models for Speech Recognition}},
journal = {Technometrics},
volume = {33},
number = {3},
pages = {251-272},
year = {1991},
doi = {10.1080/00401706.1991.10484833},

URL = {http://www.tandfonline.com/doi/abs/10.1080/00401706.1991.10484833},
eprint = {http://www.tandfonline.com/doi/pdf/10.1080/00401706.1991.10484833}
}

@techreport{Walker:2004:SFO:1698193,
 author = {Walker, Willie and Lamere, Paul and Kwok, Philip and Raj, Bhiksha and Singh, Rita and Gouvea, Evandro and Wolf, Peter and Woelfel, Joe},
title = {Sphinx-4: A Flexible Open Source Framework for Speech Recognition},
year = {2004},
source = {SMLI TR-2004-139},
publisher = {Sun Microsystems, Inc.},
address = {Mountain View, CA, USA},
}

@article{marytts,
  year={2003},
  issn={1381-2416},
  journal={International Journal of Speech Technology},
  volume={6},
  number={4},
  doi={10.1023/A:1025708916924},
  title={The German Text-to-Speech Synthesis System MARY: A Tool for Research, Development and Teaching},
  url={http://dx.doi.org/10.1023/A%3A1025708916924},
  publisher={Kluwer Academic Publishers},
  keywords={text-to-speech; speech synthesis; markup languages; teaching in speech technology; emotions},
  author={Schr\"oder, Marc and Trouvain, J\"urgen},
  pages={365-377},
  language={English}
}
